@article{rocco,
  author    = {Rocco Mora and
               Jean{-}Pierre Tillich},
  title     = {On the dimension and structure of the square of the dual of a Goppa
               code},
  journal   = {CoRR},
  volume    = {abs/2111.13038},
  year      = {2021},
  url       = {https://arxiv.org/abs/2111.13038},
  eprinttype = {arXiv},
  eprint    = {2111.13038},
  timestamp = {Wed, 01 Dec 2021 15:16:43 +0100},
  biburl    = {https://dblp.org/rec/journals/corr/abs-2111-13038.bib},
  bibsource = {dblp computer science bibliography, https://dblp.org}
}

@book{mumford,
    title = {Varieties defined by quadratic equations},
    author = {David Mumford},
    isbn = {},
    publisher = {},
    series = {Questions on algebraic varieties, C.I.M.E., III Ciclo},
    year = {1970},
}

@book{sti,
author = {Henning Stichtenoch},
title = {Algebraic Function Fields and Codes},
publisher = {Springer},
year = {2009},
OTPvolume = {Graduate texts in Mathematics},
OPTnumber = {•},
OPTseries = {•},
OPTaddress = {•},
edition = {2nd edition},
OPTmonth = {•},
OPTnote = {•},
OPTannote = {•}
}


@article{sabi,
  author = {Khalfaoui, Sabira El and Nagy, Gábor P.},
  keywords = {Algebraic Geometry (math.AG), Information Theory (cs.IT), FOS: Mathematics, FOS: Mathematics, FOS: Computer and information sciences, FOS: Computer and information sciences, 11T71, 14G50, 94B27},
  title = {On The Dimension of The Subfield Subcodes of 1-Point Hermitian Codes},
  publisher = {arXiv},
  year = {2019},
  copyright = {arXiv.org perpetual, non-exclusive license},
  }