@article{overbeck2009code,
	title={{C}ode-based cryptography},
	author={Overbeck, Raphael and Sendrier, Nicolas},
	journal={Post-quantum cryptography},
	pages={95--145},
	year={2009},
	publisher={Springer}
}
@article{prange,
	title={{T}he use of information sets in decoding cyclic codes},
	author={Prange, Eugene},
	journal={IRE Transactions on Information Theory},
	volume={8},
	number={5},
	pages={5--9},
	year={1962},
	publisher={IEEE}
}
@article{petersIsd,
	title={{I}nformation-set decoding for linear codes over $\Fq$},
	author={Peters, Christiane},
	journal={Cryptology ePrint Archive},
	year={2009}
}
@article{MT21,
	title={{O}n the dimension and structure of the square of the dual of a {G}oppa code},
	author={Mora, Rocco and Tillich, Jean-Pierre},
	journal={Designs, Codes and Cryptography},
	volume={91},
	number={4},
	pages={1351--1372},
	year={2023},
	publisher={Springer}
}

@book{Mum70,
	title = {{V}arieties defined by quadratic equations},
	author = {David Mumford},
	isbn = {},
	publisher = {Edizioni Cremonese, Rome},
	series = {Questions on algebraic varieties, C.I.M.E., III Ciclo},
	year = {1970},
}

@book{Sti09,
	author = {Henning Stichtenoch},
	title = {{A}lgebraic {F}unction {F}ields and {C}odes},
	publisher = {Springer},
	year = {2009},
	OTPvolume = {Graduate texts in Mathematics},
	edition = {2nd edition},
}


@article{CMR17,
	title={{C}ryptanalysis of {M}c{E}liece cryptosystem based on algebraic geometry codes and their subcodes},
	author={Couvreur, Alain and M{\'a}rquez-Corbella, Irene and Pellikaan, Ruud},
	journal={IEEE Transactions on Information Theory},
	volume={63},
	number={8},
	pages={5404--5418},
	year={2017},
	publisher={IEEE}
}


@article{Del75,
	title={{O}n subfield subcodes of modified {R}eed-{S}olomon codes},
	author={Philippe Delsarte},
	journal={IEEE Transactions on Information Theory},
	volume={21},
	number={5},
	pages={575--576},
	year={1975},
	publisher={IEEE}
}

@ARTICLE{GH00,
	author={Geil, O. and Hoholdt, T.},
	journal={IEEE Transactions on Information Theory},
	title={{F}ootprints or generalized {B}ezout's theorem}, 
	year={2000},
	volume={46},
	number={2},
	pages={635-641},
	doi={10.1109/18.825832}}

@book {MS86,
	AUTHOR = {MacWilliams, F. J. and Sloane, N. J. A.},
	TITLE = {The theory of error-correcting codes. {V}},
	SERIES = {North-Holland Mathematical Library, Vol. 16},
	PUBLISHER = {North-Holland Publishing Co., Amsterdam-New York-Oxford},
	YEAR = {1986},
	PAGES = {},
	ISBN = {0-444-85010-4},
	MRCLASS = {94A10},
	MRNUMBER = {0465510},
	MRREVIEWER = {Ian Blake},
}

@incollection {BESP10,
	AUTHOR = {Blache, R\'{e}gis and Estrada Sarlabous, Jorge and Petkova, Maria},
	TITLE = {A geometric interpretation of reduction in the {J}acobians of
	{$C_{ab}$} curves},
	BOOKTITLE = {Arithmetics, geometry, and coding theory ({AGCT} 2005)},
	SERIES = {S\'{e}min. Congr.},
	VOLUME = {21},
	PAGES = {17--34},
	PUBLISHER = {Soc. Math. France, Paris},
	YEAR = {2010},
	MRCLASS = {14H40 (11G10 11G20 11T71 14H45)},
	MRNUMBER = {2856558},
	MRREVIEWER = {Benjamin Smith},
}


%--- Des trucs pour l'intro---%


@article {JM96,
	AUTHOR = {Janwa, Heeralal and Moreno, Oscar},
	TITLE = {Mc{E}liece public key cryptosystems using algebraic-geometric
	codes},
	JOURNAL = {Des. Codes Cryptogr.},
	FJOURNAL = {Designs, Codes and Cryptography. An International Journal},
	VOLUME = {8},
	YEAR = {1996},
	NUMBER = {3},
	PAGES = {293--307},
	ISSN = {0925-1022},
	MRCLASS = {94A60 (94B27)},
	MRNUMBER = {1403868},
	DOI = {10.1023/A:1027351723034},
	URL = {https://doi-org.scd1.univ-fcomte.fr/10.1023/A:1027351723034},
}

@article {Sen94,
	AUTHOR = {Sendrier, Nicolas},
	TITLE = {On the structure of a randomly permuted concatened code},
	JOURNAL = {EUROCODE'94.},
	YEAR = {1994},
	PAGES = {169-173},
}


@article {FM08,
	AUTHOR = {Faure, Cédric and Minder, Lorenz},
	TITLE = {Cryptanalysis of the McEliece cryptosystem over hypereliiptic curves},
	JOURNAL = {Proceedings of the eleventh International Workshop on Algebraic and Combinatorial Coding Theory},
	YEAR = {2008},
	PAGES = {99-107},
}

@article {Min07,
	AUTHOR = {Lorenz Minder},
	TITLE = {Cryptography based on error correcting codes},
	JOURNAL = {Ph.D. thesis, Ecole Polytechnique Fédérale de Lausanne},
	YEAR = {2007},
}

@article {Fau09,
	AUTHOR = {Cédric Faure},
	TITLE = {Etudes de systèmes cryptographiques construts à l'aide de codes correcteurs, en métrique de hamming et en métrique rang},
	JOURNAL = {Ph.D. thesis, Ecole Polytechnique X},
	YEAR = {2009},
}

@article {Cou14,
	AUTHOR = {Couvreur, Alain},
	TITLE = {Codes and the {C}artier operator},
	JOURNAL = {Proc. Amer. Math. Soc.},
	FJOURNAL = {Proceedings of the American Mathematical Society},
	VOLUME = {142},
	YEAR = {2014},
	NUMBER = {6},
	PAGES = {1983--1996},
	ISSN = {0002-9939},
	MRCLASS = {14G50 (11G20 94B27)},
	MRNUMBER = {3182017},
	MRREVIEWER = {San Ling},
	DOI = {10.1090/S0002-9939-2014-12011-9},
	URL = {https://doi-org.scd1.univ-fcomte.fr/10.1090/S0002-9939-2014-12011-9},
}

@article {CP20,
	AUTHOR = {Alain Couvreur and Isabella Panaccione},
	TITLE = {Power error locating pairs},
	JOURNAL = {Des. Codes Cryptogr.},
	FJOURNAL = {Designs, Codes and Cryptography. An International Journal},
	VOLUME = {88},
	YEAR = {2020},
	NUMBER = {8},
	PAGES = {1561--1593},
	ISSN = {0925-1022},
	MRCLASS = {94B35 (11T71 14G50 94B27)},
	MRNUMBER = {4123872},
	MRREVIEWER = {Peter Beelen},
	DOI = {10.1007/s10623-020-00774-3},
	URL = {https://doi-org.scd1.univ-fcomte.fr/10.1007/s10623-020-00774-3},
}

@article {Miu93,
	AUTHOR = {S. Miura},
	TITLE = {Algebraic geometric codes on certain place curves},
	JOURNAL = {Electronics and Communication in Japan (Part III: Fundamental Electronic Science)},
	VOLUME = {76(12):1-13},
	YEAR = {1993},
}

@INPROCEEDINGS{ZC22,
	author={Zhao, Jianguo and Chen, Li},
	booktitle={2022 IEEE/CIC International Conference on Communications in China (ICCC Workshops)},
	title={{P}arameters and {D}ecoding {P}erformance of {S}ubfield {S}ubcodes of {O}ne-{P}oint {E}lliptic {C}odes}, 
	year={2022},
	volume={},
	number={},
	pages={377-382},
	doi={10.1109/ICCCWorkshops55477.2022.9896651}}


@article{PJ14,
	title={{O}n the subfield subcodes of {H}ermitian codes},
	author={Pi{\~n}ero, Fernando and Janwa, Heeralal},
	journal={Designs, codes and cryptography},
	volume={70},
	number={1-2},
	pages={157--173},
	year={2014},
	publisher={Springer}
}

@article{EKN21,
	itle = {{O}n the dimension of the subfield subcodes of 1-point {H}ermitian codes},
	journal = {Advances in Mathematics of Communications},
	volume = {15},number = {2},pages = {219-226},
	year = {2021},
	issn = {1930-5346},
	doi = {10.3934/amc.2020054},
	url = {/article/id/3c07c763-7026-4b14-a786-8038c3bad13b},
	author = {Sabira El Khalfaoui and Gábor P. Nagy},
	keywords = {AG code, Hermitian code, subfield subcode}
}

@article{EKN21crypto,
	title={{T}owards the security of {M}c{E}liece's cryptosystem based on {H}ermitian subfield subcodes},
	author={Nagy, G{\'a}bor P. and El Khalfaoui, Sabira},
	journal={Prikl. Diskr. Mat. Suppl.},
	number={14},
	pages={168--175},
	year={2021}
}

@ARTICLE{BRS21,
	author={Beelen, Peter and Rosenkilde, Johan and Solomatov, Grigory},
	journal={IEEE Transactions on Information Theory},
	title={{F}ast {E}ncoding of {A}{G} {C}odes {O}ver {C}ab {C}urves}, 
	year={2021},
	volume={67},
	number={3},
	pages={1641-1655},
	doi={10.1109/TIT.2020.3042248}
}

@article {HP95,
	AUTHOR = {Tom Høholdt  and Ruud Pellikaan},
	TITLE = {On the decoding of algebraic-geometric codes},
	NOTE = {Special issue on algebraic geometry codes},
	JOURNAL = {IEEE Trans. Inform. Theory},
	FJOURNAL = {Institute of Electrical and Electronics Engineers.
	Transactions on Information Theory},
	VOLUME = {41},
	YEAR = {1995},
	NUMBER = {6, part 1},
	PAGES = {1589--1614},
	ISSN = {0018-9448},
	MRCLASS = {94B27},
	MRNUMBER = {1391018},
	DOI = {10.1109/18.476214},
	URL = {https://doi-org.scd1.univ-fcomte.fr/10.1109/18.476214},
}

@article{T19,
	author = {Tian, Yongge},
	year = {2019},
	month = {01},
	pages = {},
	itle = {{F}ormulas for calculating the dimensions of the sums and the intersections of a family of linear subspaces with applications},
	volume = {60},
	journal = {Beiträge zur Algebra und Geometrie / Contributions to Algebra and Geometry},
	doi = {10.1007/s13366-018-00432-9}
}

@phdthesis{B18,
	TITLE = {{{\'E}tude de la s{\'e}curit{\'e} de certaines cl{\'e}s compactes pour le sch{\'e}ma de McEliece utilisant des codes g{\'e}om{\'e}triques}},
	AUTHOR = {Barelli, Elise},
	URL = {https://pastel.archives-ouvertes.fr/tel-01982502},
	NUMBER = {2018SACLX095},
	SCHOOL = {{Universit{\'e} Paris Saclay (COmUE)}},
	YEAR = {2018},
	MONTH = Dec,
	KEYWORDS = {Algebraic curves ; Coding theory ; Public-Key cryptography ; Courbes alg{\'e}briques ; Codes correcteurs d'erreurs ; Cryptographie {\`a} cl{\'e} publique},
	TYPE = {Theses},
	PDF = {https://pastel.archives-ouvertes.fr/tel-01982502/file/73311_BARELLI_2018_archivage.pdf},
	HAL_ID = {tel-01982502},
	HAL_VERSION = {v1},
}


@article{Le16,
	title={{O}n the dimension of algebraic-geometric trace codes},
	author={Le, Phong and Chetty, Sunil},
	journal={Mathematics},
	volume={4},
	number={2},
	pages={32},
	year={2016},
	publisher={MDPI}
}

@article{W88,
	title={{O}n the parameters of {G}oppa codes},
	author={Wirtz, Michael},
	journal={IEEE transactions on information theory},
	volume={34},
	number={5},
	pages={1341--1343},
	year={1988},
	publisher={IEEE}
}

@ARTICLE{CCMZ15,
	author={Cascudo, Ignacio and Cramer, Ronald and Mirandola, Diego and Zémor, Gilles},
	journal={IEEE Transactions on Information Theory},
	title={{S}quares of {R}andom {L}inear {C}odes}, 
	year={2015},
	volume={61},
	number={3},
	pages={1159-1173},
	doi={10.1109/TIT.2015.2393251}}



@misc{ClassicMCE,
	title={{C}lassic {M}c{E}liece: conservative code--based cryptography: cryptosystem specification}, 
	author={Daniel J. Bernstein and Tung Chou and Carlos Cid and Jan Gilcher and al.},
	year={October 2022},
	howpublished={https://classic.mceliece.org/nist.html},
}


@article {FGO+13,
	AUTHOR = {Jean-Charles Faug\`ere and  Val\'{e}rie Gauthier
	and Ayoub Otmani and Ludovic Perret and
	Jean-Pierre Tillich},
	TITLE = {A distinguisher for high-rate {M}c{E}liece cryptosystems},
	JOURNAL = {IEEE Trans. Inform. Theory},
	FJOURNAL = {Institute of Electrical and Electronics Engineers.
	Transactions on Information Theory},
	VOLUME = {59},
	YEAR = {2013},
	NUMBER = {10},
	PAGES = {6830--6844},
	ISSN = {0018-9448,1557-9654},
	MRCLASS = {94A60 (68P25)},
	MRNUMBER = {3106866},
	DOI = {10.1109/TIT.2013.2272036},
	URL = {https://doi.org/10.1109/TIT.2013.2272036},
}


